%% This BibTeX bibliography file was created using BibDesk.
%% http://bibdesk.sourceforge.net/


%% Created for Guy F H Dickinson at 2012-04-25 02:44:35 -0400 


%% Saved with string encoding Unicode (UTF-8) 



@misc{rivest-notes,
	Author = {Rivest, Ronald},
	Date-Added = {2012-04-25 06:39:57 +0000},
	Date-Modified = {2012-04-25 06:44:34 +0000},
	Read = {0},
	Title = {6.857: Computer and Network Security: Lectures and Handouts},
	Url = {http://courses.csail.mit.edu/6.857/2008/lecture.html},
	Year = {2008}}

@manual{openssl,
	Author = {OpenSSL},
	Date-Added = {2012-04-25 06:08:48 +0000},
	Date-Modified = {2012-04-25 06:15:16 +0000},
	Organization = {The OpenSSL Project},
	Title = {OpenSSL man Page},
	Url = {http://www.openssl.org/docs/crypto/rc4.html},
	Bdsk-Url-1 = {http://www.openssl.org/docs/crypto/rc4.html}}

@book{cisco-netsec,
	Author = {Merike Kaeo},
	Date-Added = {2012-04-25 06:03:33 +0000},
	Date-Modified = {2012-04-25 06:04:06 +0000},
	Publisher = {Cisco Press},
	Title = {Designing Network Security},
	Year = {2004}}

@inproceedings{5276924,
	Author = {Changxin Li and Hongwei Wu and Shifeng Chen and Xiaochao Li and Donghui Guo},
	Booktitle = {Anti-counterfeiting, Security, and Identification in Communication, 2009. ASID 2009. 3rd International Conference on},
	Doi = {10.1109/ICASID.2009.5276924},
	Keywords = {AMD Sempron Processor LE-1200 CPU;CUDA programming framework;MD5-RC4 encryption;NVIDIA GeForce 9800GTX GPU;compute unified device architecture;cryptography application;graphics processing unit;coprocessors;parallel processing;security of data;},
	Month = {aug.},
	Pages = {167 -170},
	Title = {Efficient implementation for MD5-RC4 encryption using GPU with CUDA},
	Year = {2009},
	Bdsk-Url-1 = {http://dx.doi.org/10.1109/ICASID.2009.5276924}}
